<record><leader>00000cas a22000007a 4500</leader><controlfield tag="001">22330510</controlfield><controlfield tag="008">900904d19421945aruwr ne      0    0eng d</controlfield><datafield ind1=" " ind2=" " tag="010"><subfield code="a">sn 90050291 </subfield></datafield><datafield ind1=" " ind2=" " tag="040"><subfield code="a">ANU</subfield><subfield code="b">eng</subfield><subfield code="c">ANU</subfield><subfield code="d">OCLCQ</subfield><subfield code="d">OCLCF</subfield><subfield code="d">OCLCO</subfield></datafield><datafield ind1="1" ind2=" " tag="029"><subfield code="a">AU@</subfield><subfield code="b">000025904561</subfield></datafield><datafield ind1=" " ind2=" " tag="042"><subfield code="a">msc</subfield></datafield><datafield ind1=" " ind2=" " tag="043"><subfield code="a">n-us-ar</subfield></datafield><datafield ind1="0" ind2=" " tag="130"><subfield code="a">Fordyce weekly news (Fordyce, Ark. : 1942)</subfield></datafield><datafield ind1="1" ind2="4" tag="245"><subfield code="a">The Fordyce weekly news.</subfield></datafield><datafield ind1=" " ind2=" " tag="260"><subfield code="a">Fordyce, Dallas County, Ark. :</subfield><subfield code="b">Roy L. Elliott</subfield></datafield><datafield ind1=" " ind2=" " tag="300"><subfield code="a">v.</subfield></datafield><datafield ind1=" " ind2=" " tag="310"><subfield code="a">Weekly</subfield></datafield><datafield ind1="0" ind2=" " tag="362"><subfield code="a">Vol. 37, no. 58 (Jan. 15, 1942)-v. 40, no. 31 (Jan. 25, 1945).</subfield></datafield><datafield ind1=" " ind2="0" tag="651"><subfield code="a">Fordyce (Ark.)</subfield><subfield code="v">Newspapers.</subfield></datafield><datafield ind1=" " ind2="7" tag="655"><subfield code="a">Newspapers.</subfield><subfield code="2">fast</subfield><subfield code="0">(OCoLC)fst01423814</subfield></datafield><datafield ind1=" " ind2="7" tag="651"><subfield code="a">Arkansas</subfield><subfield code="z">Fordyce.</subfield><subfield code="2">fast</subfield><subfield code="0">(OCoLC)fst01216910</subfield></datafield><datafield ind1=" " ind2=" " tag="752"><subfield code="a">United States</subfield><subfield code="b">Arkansas</subfield><subfield code="c">Dallas</subfield><subfield code="d">Fordyce.</subfield></datafield><datafield ind1="0" ind2="0" tag="780"><subfield code="t">Fordyce semi-weekly news</subfield><subfield code="w">(DLC)sn 90050292</subfield></datafield><datafield ind1="0" ind2="7" tag="785"><subfield code="t">Advocate (Fordyce, Ark.)</subfield><subfield code="w">(DLC)sn 89051171</subfield></datafield><datafield ind1="0" ind2="7" tag="785"><subfield code="t">Fordyce news-advocate</subfield><subfield code="w">(DLC)sn 84002127</subfield></datafield></record>